%% This BibTeX bibliography file was created using BibDesk.
%% http://bibdesk.sourceforge.net/


%% Created for Guido at 2021-05-17 17:20:20 +0200


%% Saved with string encoding Unicode (UTF-8)





@article{tanenhaus1995,
	title = {Integration of visual and linguistic information in spoken language comprehension},
	volume = {268},
	issn = {0036-8075, 1095-9203},
	url = {https://www.sciencemag.org/lookup/doi/10.1126/science.7777863},
	doi = {10.1126/science.7777863},
	pages = {1632--1634},
	number = {5217},
	journaltitle = {Science},
	author = {Tanenhaus, M. and Spivey-Knowlton, M. and Eberhard, K. and Sedivy, J.},
	urldate = {2020-09-15},
	date = {1995-06-16},
}
