@ARTICLE{Author2012,
  AUTHOR = "Author A.~N.",
  YEAR = {2012},
  JOURNAL = "Journal of Improbable Astronomy",
  VOLUME = {1},
  NUMBER = {1} }

@ARTICLE{Others2013,
  AUTHOR = "Others S.",
  YEAR = {2013},
  JOURNAL = "Journal of Interesting Stuff",
  VOLUME = {17},
  NUMBER = {198} }
