%% This BibTeX bibliography file was created using BibDesk.
%% http://bibdesk.sourceforge.net/

@article{huck15.JOSIS,
	Author = {Huck, J.J. and Whyatt, J.D. and Coulton, P.},
	Doi = {\mydoi{10.5311/JOSIS.2015.10.211}},
	Journal = {Journal of Spatial Information Science},
	Number = {10},
	Pages = {47--66},
	Title = {Visualizing patterns in spatially ambiguous point data},
	Year = {2015}}

@article{zhong16.IJGIS,
	Author = {Xu Zhong and Matt Duckham},
	Doi = {\mydoi{10.1080/13658816.2016.1216995}},
	Journal = {International Journal of Geographical Information Science},
	Title = {An efficient incremental algorithm for generating the characteristic shape of a dynamic set of points in the plane},
	Volume = {In press},
	Year = {2016}}

  @article{overEtAl2010,
	Author = {Over, M. and Schilling, A. and Neubauer, S. and Zipf, A.},
	Doi = {\mydoi{10.1016/j.compenvurbsys.2010.05.001}},
	Journal = {Computers, Environment and Urban Systems},
	Number = {6},
	Pages = {496--507},
	Title = {Generating web-based {3D} City Models from {OpenStreetMap}: The current situation in {Germany}},
	Volume = {34},
	Year = {2010}}

@article{arkin,
	Author = {Arkin, E.M. and Chew, L.P. and Huttenlocher, D.P. and Kedem, K. and Mitchell, J.S.B.},
	Doi = {\mydoi{10.1109/34.75509}},
	Journal = {IEEE Transactions on Pattern Analysis and Machine Intelligence},
	Number = {3},
	Pages = {209--216},
	Title = {An efficiently computable metric for comparing polygonal shapes},
	Volume = {13},
	Year = {1991}}

@book{bailey,
	Author = {Bailey, Trevor C and Gatrell, Anthony C},
	Doi = {\mydoi{10.2307/2265559}},
	Publisher = {Longman Scientific \& Technical},
	Title = {Interactive spatial data analysis},
    Address = {Essex, UK},
	Year = {1995}}
    
@book{miller09.BOOK,
	Address = {Boca Raton, FL},
	Editor = {Miller, H. J. and Han, J.},
	Publisher = {CRC Press},
	Title = {Geographic data mining and knowledge discovery},
	Year = {2009}}

@inproceedings{champion11,
	Author = {Champion, Nicolas and Boldo, Didier and Pierrot-Deseilligny, Marc and Stamon, Georges},
	Booktitle = {Proc.~IEEE International Geoscience and Remote Sensing Symposium (IGARSS)},
	Doi = {\mydoi{10.1109/igarss.2011.6049332}},
	Pages = {1421--1424},
	Title = {{2D} change detection from satellite imagery: Performance analysis and impact of the spatial resolution of input images},
	Year = {2011}}

@phdthesis{ruas99,
	Author = {Ruas, Anne},
	Keywords = {gen-model},
	School = {Universit\'{e} de Marne-la-Vall\'{e}e},
	Title = {Mod\`{e}le de g\'{e}n\'{e}ralisation de donn\'{e}es g\'{e}ographiques \`{a} base de contraintes et d'autonomie},
	Year = {1999}}

@incollection{Grosso12,
	Author = {Grosso, Eric and Perret, Julien and Brasebin, Micka\"{e}l},
	Booktitle = {Innovative Software Development in {GIS}},
	Chapter = {3},
	Editor = {Bucher, B\'{e}n\'{e}dicte and Le Ber, Florence},
	Pages = {67--90},
	Publisher = {John Wiley \& Sons},
	Title = {{GEOXYGENE}: An Interoperable Platform for Geographical Application Development},
	Year = {2012}}

@techreport{blasertr,
	Author = {Blaser, A},
	Institution = {National Center for Geographic Information and Analysis (NCGIA)},
	Month = {June},
	Number = {TR 98-1},
	Title = {Geo-spatial Sketches},
	Year = {1998}}
    
@misc{web,
	Author = {{Argosy Publications}},
	Howpublished = {\url{http://www.visiblebody.com/index.html}},
	Note = {Last Accessed June 20, 2015},
	Title = {{Visible Body}},
	Year = {2008}}
