@misc{ref1,
  author = {AuthorA},
  title = {Title of a web resource},
  howpublished = {\url{http://url/of/resource/}},
  year = {2007}
}

@article{ref2,
  author = {AuthorC},
  journal = {Journal name},
  pages = {13--17},
  title = {Title of an article},
  volume = {6},
  year = {2008}
}

