@online{gcc,
  author = {Stallman, Richard and contributors},
  year = {1987},
  title = {{GCC, the GNU Compiler Collection}},
  url = {http://gcc.gnu.org/},
  month = {May},
  lastaccessed = {August 05, 2020},
}

@online{gdb,
  author = {Stallman, Richard and {GNU Project}},
  year = {1986},
  title = {{GDB: The GNU Project Debugger}},
  url = {https://www.gnu.org/software/gdb/},
  lastaccessed = {August 05, 2020},
}