%% Journal article
@article{bib1,
  author		= "Campbell, S. L. and Gear, C. W.",
  title			= "The index of general nonlinear {D}{A}{E}{S}",
  journal		= "Numer. {M}ath.",
  volume		= "72",
  number		= "2",
  pages			= "173--196",
  year			= "1995"
}

%% Journal article with DOI
@article{bib2,
  author		= "Slifka, M. K. and Whitton, J. L.",
  title			= "Clinical implications of dysregulated cytokine production",
  journal		= "J. {M}ol. {M}ed.",
  volume		= "78",
  pages			= "74--80",
  year			= "2000",
  doi			= "10.1007/s001090000086"
}



