@article{DBLP:journals/corr/cs-CL-0108005,
  author    = {Joshua Goodman},
  title     = {A Bit of Progress in Language Modeling},
  journal   = {CoRR},
  volume    = {cs.CL/0108005v1},
  year      = {2001},
  url       = {http://arxiv.org/abs/cs.CL/0108005v1},
  timestamp = {Wed, 07 Jun 2017 14:40:38 +0200},
  biburl    = {https://dblp.org/rec/bib/journals/corr/cs-CL-0108005},
  bibsource = {dblp computer science bibliography, https://dblp.org}
}

@article{GOODMAN2001403,
title = "A bit of progress in language modeling",
journal = "Computer Speech \& Language",
volume = "15",
number = "4",
pages = "403-434",
year = "2001",
issn = "0885-2308",
doi = "10.1006/csla.2001.0174",
OPTurl = "http://www.sciencedirect.com/science/article/pii/S0885230801901743",
author = "Joshua T. Goodman"
}

@article{DBLP:journals/corr/cs-CL-9905001,
  author    = {Rebecca Hwa},
  title     = {Supervised Grammar Induction Using Training Data with Limited Constituent Information},
  journal   = {CoRR},
  volume    = {cs.CL/9905001},
  note = {Version 1},
  year      = {1999},
  url       = {http://arxiv.org/abs/cs.CL/9905001},
  timestamp = {Wed, 07 Jun 2017 14:41:01 +0200},
  biburl    = {https://dblp.org/rec/bib/journals/corr/cs-CL-9905001},
  bibsource = {dblp computer science bibliography, https://dblp.org}
}

@InProceedings{P99-1010,
  author =  "Hwa, Rebecca",
  title =   "Supervised Grammar Induction using Training Data with Limited Constituent Information",
  booktitle =   "Proceedings of the 37th Annual Meeting of the Association for Computational Linguistics",
  year =    "1999",
  url =     "http://www.aclweb.org/anthology/P99-1010"
}

@book{Jurafsky+Martin:2009a,
  author    = {Jurafsky, Daniel and Martin, James H.},
  title     = {Speech and Language Processing: An Introduction to Natural Language Processing, Computational Linguistics, and Speech Recognition},
  publisher = {Pearson Prentice Hall},
  year      = 2009,
  edition   = {Second}
}