@book{anderson,
Address = {Mahwah, New Jersey},
Author = {J. R. Anderson},
Date-Added = {2014-02-05 15:27:59 +0100},
Date-Modified = {2014-02-05 16:10:22 +0100},
Publisher = {Lawrence {E}rlbaum {A}ssociates},
Title = {The architecture of cognition},
Year = {1983}}
