@ARTICLE{Figueredo:2009dg,
	doi = {10.1007/s12110-009-9068-2},
	url = {https://doi.org/10.1007%2Fs12110-009-9068-2},
	year = 2009,
	month = {Aug},
	publisher = {Springer Nature},
	volume = {20},
	number = {3},
	pages = {317--330},
	author = {Aurelio Jos{\'{e}} Figueredo and Pedro S. A. Wolf},
	title = {Assortative Pairing and Life History Strategy},
	journal = {Human Nature}
}
