@article{valdez2017priming,
  title={Priming and anchoring effects in visualization},
  author={Calero Valdez, Andr{\'e} and Ziefle, Martina and Sedlmair, Michael},
  journal={IEEE Transactions on Visualization and Computer Graphics},
  volume={24},
  number={1},
  pages={584--594},
  year={2017},
  publisher={IEEE}
}

@article{valdez2019users,
  title={The usersâ€™ perspective on the privacy-utility trade-offs in health recommender systems},
  author={Calero Valdez, Andr{\'e} and Ziefle, Martina},
  journal={International Journal of Human-Computer Studies},
  volume={121},
  pages={108--121},
  year={2019},
  publisher={Elsevier}
}
