@article{leisch02,
    author = {Leisch, F.},
    journal = {R News},
    number = {3},
    pages = {28--31},
    pdf = {http://CRAN.R-project.org/doc/Rnews/Rnews\_2002-3.pdf},
    title = {Sweave, Part {I}: Mixing {R} and {\\LaTeX}},
    url = {http://CRAN.R-project.org/doc/Rnews/},
    volume = {2},
    year = {2002}
}

@Book{knitr,
    title = {Dynamic Documents with {R} and knitr},
    author = {Yihui Xie},
    publisher = {Chapman and Hall/CRC},
    address = {Boca Raton, Florida},
    year = {2015},
    edition = {2nd},
    doi = {10.1201/9781315382487},
  }

@article{fleet20, 
  title={Fleet Management in Free-Floating Bike Sharing Systems Using Predictive Modelling and Explorative Tools}, 
  volume={49}, 
  DOI={10.17713/ajs.v49i2.1114}, 
  number={2}, 
  journal={Austrian Journal of Statistics}, 
  author={Templ, M. and Heitz, C.}, 
  year={2020},  
  pages={53â€“69} 
}
