
@article{piwowar2011,
	title = {Who Shares? Who Doesn't? Factors Associated with Openly Archiving Raw Research Data},
	author = {{Piwowar}, {Heather A.}},
	year = {2011},
	month = {07},
	date = {2011-07-13},
	journal = {PLOS ONE},
	pages = {e18657},
	volume = {6},
	number = {7},
	doi = {10.1371/journal.pone.0018657},
	url = {https://journals.plos.org/plosone/article?id=10.1371/journal.pone.0018657},
	note = {Publisher: Public Library of Science},
	langid = {en}
}
