@book {Lannes,
AUTHOR = {Lannes, David},
TITLE = {The Water Waves Problem: Mathematical Analysis and Asymptotics},
SERIES = {Mathematical Surveys and Monographs},
PUBLISHER = {American Mathematical Society},
ADDRESS = {Providence, RI},
YEAR = {2013},
ISBN = {9780821894705},
}


@article {HJ2,
AUTHOR = {Hur, Vera Mikyoung and Johnson, Mathew A.},
TITLE = {Modulational instability in the {W}hitham equation for water waves},
JOURNAL = {Stud. Appl. Math.},
FJOURNAL = {Studies in Applied Mathematics},
VOLUME = {134},
YEAR = {2015},
NUMBER = {1},
PAGES = {120--143},
ISSN = {0022-2526},
MRCLASS = {35Q53 (35B10 35C07)},
MRNUMBER = {3298879},
MRREVIEWER = {Thierry Cazenave},
}

@article {BF,
AUTHOR = {Benjamin, T. B. and Feir, J. E.},
TITLE = {The disintegration of wave trains on deep water. {P}art 1. {T}heory},
JOURNAL = {J. Fluid Mech.},
FJOURNAL = {Journal of Fluid Mechanics},
VOLUME = {27},
YEAR = {1967},
NUMBER = {3},
PAGES = {417--437},
ISSN = {0022-1120},
}

@article{Benjamin1967,
AUTHOR={Benjamin, T. Brooke and Hasselmann, K},
TITLE={Instability of Periodic Wavetrains in Nonlinear Dispersive Systems [and Discussion]},
JOURNAL = {Proc. R. Soc. Lond. Ser. A Math. Phys. Eng. Sci.},
FJOURNAL = {Proceedings of The Royal Society of London. Series A. Mathematical, Physical and Engineering Sciences},
VOLUME={299},
YEAR={1967},
NUMBER={1456},
PAGES={59--76},
ISSN = {1364-5021}
}

@article {HJ3,
AUTHOR = {Hur, Vera Mikyoung and Johnson, Mathew A.},
TITLE = {Modulational instability in the {W}hitham equation with surface tension and vorticity},
JOURNAL = {Nonlinear Anal.},
FJOURNAL = {Nonlinear Analysis. Theory, Methods \& Applications. An International Multidisciplinary Journal. Series A: Theory and Methods},
VOLUME = {129},
YEAR = {2015},
PAGES = {104--118},
ISSN = {0362-546X},
MRCLASS = {Preliminary Data},
MRNUMBER = {3414922},
}

@article{HP2,
AUTHOR={Hur, Vera Mikyoung and Pandey, Ashish Kumar},
TITLE={Modulational instability in a shallow water model},
JOURNAL={Preprint},
PAGES={1608.04685},
YEAR={2016}
}
