@ARTICLE{Alb05,
  author = {Albiston, Catherine R.},
  year = 2005,
  title = {Bargaining in the Shadow of Social Institutions: Competing Discourses and Social Change in the Workplace Mobilization of Civil Rights},
  journal = {Law and Society Review},
  volume = 39,
  number = 1,
  pages = {11--47},
  doi = {10.1111/j.0023-9216.2005.00076.x}}

@ARTICLE{Blair1977,
  author = 	{Blair, Walter},
  year = 	1977,
  title = 	{Americanized Comic Braggarts},
  journal = {Critical Inquiry},
  volume = 	4,
  number = 	2,
  pages = 	{331--349},
  doi = {10.1086/447940}}
